% This file was created with Citavi 6.7.0.0

@phdthesis{Ziegler.2017,
 author = {Ziegler, Julius},
 year = {2017},
 title = {Optimale Trajektorienplanung für Automobile},
 url = {http://dx.doi.org/10.5445/KSP/1000056530},
 keywords = {advanced driver assistance systems;Arbeitsraum;Autonomes Fahren;autonomous driving;Einrad;Fahrerassistenzsysteme;Fahrstreifen;Fahrzeug;Fahrzeugregelung;Kraftwagen;robotics;Robotik;trajectory planning;Trajektorienplanung;vehicle control;Verkehrsraum},
 address = {Karlsruhe},
 school = {{KIT Scientific Publishing} and {Karlsruher Institut für Technologie}},
 type = {Dissertation},
 file = {http://deposit.dnb.de/cgi-bin/dokserv?id=bb8c03ad6f534c378dacba2a108e586d&prov=M&dok_var=1&dok_ext=htm},
 file = {http://www.ksp.kit.edu/},
 file = {https://d-nb.info/1139329820/34},
 file = {https://dx.doi.org/10.5445/KSP/1000056530},
 file = {https://nbn-resolving.org/urn:nbn:de:0072-565300}
}


