% This file was created with Citavi 6.15.2.0

@proceedings{.2011,
 year = {2011},
 title = {2011 15th International Conference on Advanced Robotics (ICAR)},
 publisher = {IEEE},
 isbn = {978-1-4577-1159-6}
}


@proceedings{.2012,
 year = {2012},
 title = {2012 IEEE International Conference on Automation Science and Engineering (CASE)},
 publisher = {IEEE},
 isbn = {978-1-4673-0430-6},
 file = {2012{\_}Hansen{\_}B-Spline:Attachments/2012{\_}Hansen{\_}B-Spline.pdf:application/pdf}
}


@proceedings{.2013,
 year = {2013},
 title = {2013 IEEE International Conference on Automation Science and Engineering (CASE)},
 url = {https://ieeexplore.ieee.org/document/6654025},
 urldate = {09.09.2023},
 publisher = {IEEE},
 isbn = {978-1-4799-1515-6},
 doi = {10.1109/CASE20547.2013}
}


@proceedings{.2015,
 year = {2015},
 title = {2015 IEEE International Conference on Automation Science and Engineering (CASE)},
 publisher = {IEEE},
 isbn = {978-1-4673-8183-3},
 doi = {10.1109/CASE35257.2015}
}


@proceedings{.2017,
 year = {2017},
 title = {Proceedings of the 14th International Conference on Informatics in Control, Automation and Robotics},
 publisher = {{SCITEPRESS - Science and Technology Publications}},
 isbn = {978-989-758-263-9}
}


@incollection{ArchilaDiaz.2010,
 author = {{Archila Diaz}, John Faber and Suell, Max and de {Noronha Castro Pinto}, Fernando Augusto},
 title = {Kinematical and Dynamical Models of KR 6 KUKA Robot, Including the Kinematic Control in a Parallel Processing Platform},
 publisher = {InTech},
 isbn = {978-953-307-090-2},
 editor = {Lazinica, Aleksandar and Kawai, Hiroyuki},
 booktitle = {Robot Manipulators New Achievements},
 year = {2010},
 doi = {10.5772/9330},
 file = {Kinematical and Dynamical Models of KR 6 KUKA Robot, Including the:Attachments/Kinematical and Dynamical Models of KR 6 KUKA Robot, Including the.pdf:application/pdf}
}


@article{Ayten.2016,
 author = {Ayten, K. Koray and Sahinkaya, M. Necip and Dumlu, Ahmet},
 year = {2016},
 title = {Optimum Trajectory Generation for Redundant/Hyper-Redundant Manipulators},
 url = {https://www.sciencedirect.com/science/article/pii/S2405896316322637},
 pages = {493--500},
 volume = {49},
 number = {21},
 issn = {24058963},
 journal = {IFAC-PapersOnLine},
 doi = {10.1016/j.ifacol.2016.10.651},
 file = {Optimum Trajectory Generation for Rdundant Manipulators:Attachments/Optimum Trajectory Generation for Rdundant Manipulators.pdf:application/pdf}
}


@inproceedings{Bjorkenstam.2013,
 author = {Bjorkenstam, Staffan and Gleeson, Daniel and Bohlin, Robert and Carlson, Johan S. and Lennartson, Bengt},
 title = {Energy efficient and collision free motion of industrial robots using optimal control},
 pages = {510--515},
 publisher = {IEEE},
 isbn = {978-1-4799-1515-6},
 booktitle = {2013 IEEE International Conference on Automation Science and Engineering (CASE)},
 year = {2013},
 doi = {10.1109/CoASE.2013.6654025},
 file = {2013{\_}Bjoerkenstam{\_}Energy{\_}efficient{\_}and{\_}collision{\_}free{\_}motion{\_}of{\_}industrial{\_}robots{\_}using{\_}optimal{\_}control:Attachments/2013{\_}Bjoerkenstam{\_}Energy{\_}efficient{\_}and{\_}collision{\_}free{\_}motion{\_}of{\_}industrial{\_}robots{\_}using{\_}optimal{\_}control.pdf:application/pdf}
}


@article{Carabin.2017,
 author = {Carabin, Giovanni and Wehrle, Erich and Vidoni, Renato},
 year = {2017},
 title = {A Review on Energy-Saving Optimization Methods for Robotic and Automatic Systems},
 url = {https://www.mdpi.com/2218-6581/6/4/39},
 urldate = {09.09.2023},
 pages = {39},
 volume = {6},
 number = {4},
 journal = {Robotics},
 doi = {10.3390/robotics6040039},
 file = {Carabin, Wehrle et al 2017 - A Review on Energy-Saving Optimization:Attachments/Carabin, Wehrle et al 2017 - A Review on Energy-Saving Optimization.pdf:application/pdf}
}


@phdthesis{Eggers.2019,
 abstract = {Beim Erwerb eines Industrieroboters werden heutzutage nicht mehr nur klassische Faktoren wie die minimal erreichbare Taktzeit und die Anschaffungskosten als Kaufkriterien betrachtet, sondern auch der Leistungs- und Energiebedarf des Roboters sowie die laufenden Kosten {\"u}ber dessen gesamte Lebensdauer (TCO: Total Cost of Ownership). Konzepte zur Steigerung der Energieeffizienz von Industrierobotern sind somit sowohl aus {\"o}kologischer als auch aus {\"o}konomischer Sicht erstrebenswert. Die Verbesserungsans{\"a}tze lassen sich in zwei Kategorien unterteilen: Bei den hardwareseitigen Ans{\"a}tzen wird eine Effizienzsteigerung durch Anpassung der verwendeten mechanischen und elektrischen Komponenten und/oder durch hardwarebezogene Erweiterung des Systems, zum Beispiel in Form von Energiespeichern, angestrebt. Die zweite Kategorie bilden Ans{\"a}tze zur Optimierung der Software, bei denen die Ersparnisse durch energieeffizientere Bahnplanungsalgorithmen und Ablaufsteuerungen erzielt werden sollen. Die folgenden Untersuchungen fokussieren sich dabei auf die zweite Kategorie. Im Rahmen der vorliegenden Arbeit werden softwarebasierte Ans{\"a}tze zum energieeffizienten Betrieb von Industrierobotern unter m{\"o}glichst praxisnahen Bedingungen vorgestellt und auf zwei Roboter verschiedener Traglastklassen angewendet. Als Szenarien werden unterschiedliche industrietypische Applikationen wie zum Beispiel Pick-and-Place- und Schwei{\ss}aufgaben untersucht. Die Bahnen der Ausgangsszenarien, die als Referenz zur Bewertung des Einsparpotentials dienen, werden direkt auf einer modernen, kommerziellen Robotersteuerung geplant, sodass diese dem Stand der Technik entsprechen. Es wird ein Modell erstellt, das den Leistungs- und Energiebedarf des betrachteten Roboters in Abh{\"a}ngigkeit von der durchgef{\"u}hrten Bewegung wiedergibt. Das Modell wird f{\"u}r beide Roboter am Pr{\"u}fstand validiert. Die vorgestellten Verfahren zum energieeffizienten Betrieb von Industrierobotern lassen sich im Wesentlichen anhand der Freiheitsgrade des Ausgangsszenarios klassifizieren: Im ersten Fall werden zeitlich ver{\"a}nderliche Bewegungen mit fest vorgegebener Geometrie untersucht. Anschlie{\ss}end werden f{\"u}r Aufgaben mit ver{\"a}nderlicher Bahngeometrie zwei Verfahren zur Bestimmung einer energieoptimalen Bahngeometrie unter Verwendung nichtlinearer Optimierungsverfahren pr{\"a}sentiert. Im dritten Fall wird das Einsparpotential durch {\"A}nderung der relativen Lage des Roboters zum Werkst{\"u}ck aufgezeigt. F{\"u}r jedes Verfahren werden die Bedingungen zur Umsetzung in der Praxis sowie die Ursachen und Einflussfaktoren f{\"u}r die erreichbaren Ersparnisse diskutiert.},
 author = {Eggers, Kai Benjamin},
 year = {2019},
 title = {Energieeffizienter Betrieb von Industrierobotern},
 url = {https://www.repo.uni-hannover.de/handle/123456789/5379},
 address = {Hannover},
 urldate = {09.09.2023},
 publisher = {Fakult{\"a}t f{\"u}r Maschinenbau},
 school = {{Gottfried Wilhelm Leibniz Universit{\"a}t}},
 doi = {10.15488/5332},
 type = {Dissertation},
 file = {Dissertation{\_}Kai{\_}Eggers:Attachments/Dissertation{\_}Kai{\_}Eggers.pdf:application/pdf}
}


@phdthesis{Engelke.2008,
 author = {Engelke, Robert},
 year = {2008},
 title = {Modellierung und Optimierung von Robotern mit einseitigen Bindungen und lokalen Verspannungen},
 address = {M{\"u}nchen},
 publisher = {Lehrstuhl f{\"u}r Angewandte Mechanik},
 school = {{Technische Universit{\"a}t M{\"u}nchen}},
 type = {Dissertation}
}


@article{Gadaleta.2019,
 author = {Gadaleta, Michele and Pellicciari, Marcello and Berselli, Giovanni},
 year = {2019},
 title = {Optimization of the energy consumption of industrial robots for automatic code generation},
 pages = {452--464},
 volume = {57},
 issn = {07365845},
 journal = {Robotics and Computer-Integrated Manufacturing},
 doi = {10.1016/j.rcim.2018.12.020},
 file = {Gadaleta, Pellicciari et al 2019 - Optimization of the energy consumption:Attachments/Gadaleta, Pellicciari et al 2019 - Optimization of the energy consumption.pdf:application/pdf}
}


@article{Gattringer.2013,
 author = {Gattringer, Hubert and Riepl, Roland and Neubauer, Matthias},
 year = {2013},
 title = {Optimizing Industrial Robots for Accurate High-Speed Applications},
 pages = {1--12},
 volume = {2013},
 issn = {2314-4882},
 journal = {Journal of Industrial Engineering},
 doi = {10.1155/2013/625638},
 file = {2013{\_}Gattringer,{\_}Optimizing Industrial Robots for Accurate:Attachments/2013{\_}Gattringer,{\_}Optimizing Industrial Robots for Accurate.pdf:application/pdf}
}


@inproceedings{Gleeson.2015,
 author = {Gleeson, Daniel and Bjorkenstam, Staffan and Bohlin, Robert and Carlson, Johan S. and Lennartson, Bengt},
 title = {Optimizing robot trajectories for automatic robot code generation},
 pages = {495--500},
 publisher = {IEEE},
 isbn = {978-1-4673-8183-3},
 booktitle = {2015 IEEE International Conference on Automation Science and Engineering (CASE)},
 year = {2015},
 doi = {10.1109/CoASE.2015.7294128},
 file = {2015{\_}Gleeson{\_}Optimizing{\_}robot{\_}trajectories{\_}for{\_}automatic{\_}robot{\_}code{\_}generation:Attachments/2015{\_}Gleeson{\_}Optimizing{\_}robot{\_}trajectories{\_}for{\_}automatic{\_}robot{\_}code{\_}generation.pdf:application/pdf}
}


@article{Gleeson.2016,
 author = {Gleeson, Daniel and Bj{\"o}rkenstam, Staffan and Bohlin, Robert and Carlson, Johan S. and Lennartson, Bengt},
 year = {2016},
 title = {Towards Energy Optimization Using Trajectory Smoothing and Automatic Code Generation for Robotic Assembly},
 pages = {341--346},
 volume = {44},
 issn = {22128271},
 journal = {Procedia CIRP},
 doi = {10.1016/j.procir.2016.02.099},
 file = {2016{\_}Gleeson{\_}Towards Energy Optimization using Trajectory Smoothing and Automatic:Attachments/2016{\_}Gleeson{\_}Towards Energy Optimization using Trajectory Smoothing and Automatic.pdf:application/pdf}
}


@book{Grimble.2009,
 author = {Siciliano, Bruno and Sciavicco, Lorenzo and Villani, Luigi and Oriolo, Giuseppe},
 year = {2009},
 title = {Robotics: Modelling, Planning and Control},
 address = {London},
 publisher = {{Springer London}},
 isbn = {978-1-84628-641-4},
 doi = {10.1007/978-1-84628-642-1},
 file = {Siciliano:Attachments/Siciliano.pdf:application/pdf}
}


@book{Gusikhin.2017,
 year = {2017},
 title = {ICINCO 2017: Proceedings of the 14th International Conference on Informatics in Control, Automation and Robotics : Madrid, Spain, July 26-28, 2017},
 address = {Set{\'u}bal, Portugal},
 publisher = {{SCITEPRESS - Science and Technology Publications Lda}},
 isbn = {978-989-758-264-6},
 editor = {Gusikhin, Oleg and Madani, Kurosh}
}


@inproceedings{Hansen.2012,
 author = {Hansen, Christian and Oltjen, Julian and Meike, Davis and Ortmaier, Tobias},
 title = {Enhanced approach for energy-efficient trajectory generation of industrial robots},
 pages = {1--7},
 publisher = {IEEE},
 isbn = {978-1-4673-0430-6},
 booktitle = {2012 IEEE International Conference on Automation Science and Engineering (CASE)},
 year = {2012},
 doi = {10.1109/CoASE.2012.6386343}
}


@incollection{Hofmann.2020,
 author = {Hofmann, Julia},
 title = {Verifikation und Validierung},
 pages = {235--252},
 publisher = {{Springer Fachmedien Wiesbaden}},
 isbn = {978-3-658-30201-6},
 editor = {Hofmann, Julia},
 booktitle = {Ein Physiologiemodell f{\"u}r Tactical Combat Casualty Care Training in mobilen Serious Games},
 year = {2020},
 address = {Wiesbaden},
 doi = {10.1007/978-3-658-30202-3{\textunderscore }14},
 file = {Verifikation und Validierung (2):Attachments/Verifikation und Validierung (2).pdf:application/pdf}
}


@book{Hofmann.2020b,
 year = {2020},
 title = {Ein Physiologiemodell f{\"u}r Tactical Combat Casualty Care Training in mobilen Serious Games},
 address = {Wiesbaden},
 publisher = {{Springer Fachmedien Wiesbaden}},
 isbn = {978-3-658-30201-6},
 editor = {Hofmann, Julia},
 doi = {10.1007/978-3-658-30202-3},
 file = {Verifikation und Validierung:Attachments/Verifikation und Validierung.pdf:application/pdf}
}


@misc{Kemmetmueller.2023,
 author = {Kemmetmueller, Wolfgang and Kugi, Andreas},
 title = {Modellbildung: Vorlesung und {\"U}bung SS 2023},
 institution = {{Institut f{\"u}r Automatisierungs- und Regelungstechnik, TU Wien}},
 file = {2023{\_}Modellbildung{\_}Skript:Attachments/2023{\_}Modellbildung{\_}Skript.pdf:application/pdf}
}


@book{Lazinica.2010,
 year = {2010},
 title = {Robot Manipulators New Achievements},
 publisher = {InTech},
 isbn = {978-953-307-090-2},
 editor = {Lazinica, Aleksandar and Kawai, Hiroyuki},
 doi = {10.5772/223}
}


@book{Luenberger.2021,
 author = {Luenberger, David G. and Ye, Yinyu},
 year = {2021},
 title = {Linear and Nonlinear Programming},
 address = {Cham},
 volume = {228},
 publisher = {{Springer International Publishing}},
 isbn = {978-3-030-85449-2},
 doi = {10.1007/978-3-030-85450-8},
 file = {Linear and Nonlinear Programming Luenberger:Attachments/Linear and Nonlinear Programming Luenberger.pdf:application/pdf}
}


@book{Nocedal.2006,
 author = {Nocedal, Jorge and Wright, Stephen J.},
 year = {2006},
 title = {Numerical optimization},
 url = {http://www.loc.gov/catdir/enhancements/fy0818/2006923897-d.html},
 price = {Gb. : 39.54 EUR},
 address = {New York, NY},
 edition = {Second edition},
 publisher = {Springer},
 isbn = {978-0387-30303-1},
 series = {Springer series in operation research and financial engineering},
 file = {Numerical Optimization Nocedal:Attachments/Numerical Optimization Nocedal.pdf:application/pdf}
}


@article{Paryanto.2014,
 author = {Paryanto and Brossog, Matthias and Kohl, Johannes and Merhof, Jochen and Spreng, Simon and Franke, J{\"o}rg},
 year = {2014},
 title = {Energy Consumption and Dynamic Behavior Analysis of a Six-axis Industrial Robot in an Assembly System},
 url = {https://www.sciencedirect.com/science/article/pii/S2212827114011482},
 urldate = {09.09.2023},
 pages = {131--136},
 volume = {23},
 issn = {22128271},
 journal = {Procedia CIRP},
 doi = {10.1016/j.procir.2014.10.091},
 file = {Paryanto2014:Attachments/Paryanto2014.pdf:application/pdf}
}


@article{Paryanto.2015,
 author = {Paryanto and Brossog, Matthias and Bornschlegl, Martin and Franke, J{\"o}rg},
 year = {2015},
 title = {Reducing the energy consumption of industrial robots in manufacturing systems},
 pages = {1315--1328},
 volume = {78},
 number = {5-8},
 issn = {0268-3768},
 journal = {The International Journal of Advanced Manufacturing Technology},
 doi = {10.1007/s00170-014-6737-z},
 file = {2014{\_}Paryanto{\_}Paper{\_}Reducing the energy consumption of industrial robots:Attachments/2014{\_}Paryanto{\_}Paper{\_}Reducing the energy consumption of industrial robots.pdf:application/pdf}
}


@inproceedings{Pellicciari.2011,
 author = {Pellicciari, Marcello and Berselli, Giovanni and Leali, Francesco and Vergnano, Alberto},
 title = {A minimal touch approach for optimizing energy efficiency in pick-and-place manipulators},
 pages = {100--105},
 publisher = {IEEE},
 isbn = {978-1-4577-1159-6},
 booktitle = {2011 15th International Conference on Advanced Robotics (ICAR)},
 year = {2011},
 doi = {10.1109/ICAR.2011.6088620},
 file = {A{\_}minimal{\_}touch{\_}approach{\_}for{\_}optimizing{\_}energy{\_}efficiency{\_}in{\_}pick-and-place{\_}manipulators:Attachments/A{\_}minimal{\_}touch{\_}approach{\_}for{\_}optimizing{\_}energy{\_}efficiency{\_}in{\_}pick-and-place{\_}manipulators.pdf:application/pdf}
}


@inproceedings{Pellicciari.2015,
 author = {Pellicciari, M. and Avotins, A. and Bengtsson, K. and Berselli, G. and Bey, N. and Lennartson, B. and Meike, D.},
 title = {AREUS --- Innovative hardware and software for sustainable industrial robotics},
 pages = {1325--1332},
 publisher = {IEEE},
 isbn = {978-1-4673-8183-3},
 booktitle = {2015 IEEE International Conference on Automation Science and Engineering (CASE)},
 year = {2015},
 doi = {10.1109/CoASE.2015.7294282},
 file = {Hardwareoptimierung Projekt AREUS:Attachments/Hardwareoptimierung Projekt AREUS.pdf:application/pdf}
}


@book{Reinhardt.2013,
 author = {Reinhardt, R{\"u}diger and Hoffmann, Armin and Gerlach, Tobias},
 year = {2013},
 title = {Nichtlineare Optimierung},
 address = {Berlin, Heidelberg},
 publisher = {{Springer Berlin Heidelberg}},
 isbn = {978-3-8274-2948-3},
 doi = {10.1007/978-3-8274-2949-0},
 file = {Nichtlineare Optimierung Reinhard:Attachments/Nichtlineare Optimierung Reinhard.pdf:application/pdf}
}


@misc{Rieber.2022,
 author = {Rieber, Jochen M.},
 date = {2022},
 title = {Einf{\"u}hrung in die Robotik: Vorlesung im Studium Elektrotechnik / Vorlesung im Studium Elektrotechnik / Automation Kapitel 4b},
 address = {Ravensburg/Friedrichshafen},
 institution = {{Duale Hochschule Baden-W{\"u}rttemberg}},
 file = {Robotik{\_}TEA{\_}Teil3:Attachments/Robotik{\_}TEA{\_}Teil3.pdf:application/pdf}
}


@book{Roth.2016,
 author = {Roth, Stefan and Stahl, Achim},
 year = {2016},
 title = {Mechanik und W{\"a}rmelehre},
 address = {Berlin, Heidelberg},
 publisher = {{Springer Berlin Heidelberg}},
 isbn = {978-3-662-45303-2},
 doi = {10.1007/978-3-662-45304-9},
 file = {978-3-662-45304-9:Attachments/978-3-662-45304-9.pdf:application/pdf}
}


@misc{RSI.2020,
 author = {{o. V.}},
 year = {2020},
 title = {KUKA.RobotSensorInterface 5.0: F{\"u}r KUKA System Software 8.7},
 url = {https://xpert.kuka.com/service-express/portal/project1_p/document/kuka-project1_p-common_PB13326_de?context=%7B%22filter%22%3A%7B%7D,%22text%22%3A%22KUKA.RobotSensorInterface%205.0%22,%22page%22%3A1,%22useExpertQuery%22%3A0%7D},
 address = {Augsburg},
 urldate = {01.09.29023},
 file = {KST{\_}RSI{\_}50{\_}de:Attachments/KST{\_}RSI{\_}50{\_}de.pdf:application/pdf}
}


@book{Siciliano.2011,
 author = {Siciliano, Bruno and Khatib, Oussama and Corke, Peter},
 year = {2011},
 title = {Robotics, Vision and Control},
 address = {Berlin, Heidelberg},
 volume = {73},
 publisher = {{Springer Berlin Heidelberg}},
 isbn = {978-3-642-20143-1},
 doi = {10.1007/978-3-642-20144-8},
 file = {Corke:Attachments/Corke.pdf:application/pdf}
}


@book{Spong.2020,
 abstract = {{\textquotedbl}A New Edition Featuring Case Studies and Examples of the Fundamentals of Robot Kinematics, Dynamics, and Control. In the 2nd Edition of Robot Modeling and Control, students will cover the theoretical fundamentals and the latest technological advances in robot kinematics. With so much advancement in technology, from robotics to motion planning, society can implement more powerful and dynamic algorithms than ever before. This in-depth reference guide educates readers in four distinct parts; the first two serve as a guide to the fundamentals of robotics and motion control, while the last two dive more in-depth into control theory and nonlinear system analysis. With the new edition, readers gain access to new case studies and thoroughly researched information covering topics such as: Motion-planning, collision avoidance, trajectory optimization, and control of robots. Popular topics within the robotics industry and how they apply to various technologies. An expanded set of examples, simulations, problems, and case studies. Open-ended suggestions for students to apply the knowledge to real-life situations. A four-part reference essential for both undergraduate and graduate students, Robot Modeling and Control serves as a foundation for a solid education in robotics and motion planning{\textquotedbl}--},
 author = {Spong, Mark W. and Hutchinson, Seth and Vidyasagar, Mathukumalli},
 year = {2020},
 title = {Robot modeling and control},
 address = {Hoboken, NJ},
 edition = {Second edition},
 publisher = {Wiley},
 isbn = {978-1119523994},
 file = {Spong-RobotmodelingandControl:Attachments/Spong-RobotmodelingandControl.pdf:application/pdf}
}


@inproceedings{Ziaukas.2017,
 author = {Ziaukas, Zygimantas and Eggers, Kai and Kotlarski, Jens and Ortmaier, Tobias},
 title = {Optimizing PTP Motions of Industrial Robots through Addition of Via-points},
 pages = {527--538},
 publisher = {{SCITEPRESS - Science and Technology Publications}},
 isbn = {978-989-758-263-9},
 booktitle = {Proceedings of the 14th International Conference on Informatics in Control, Automation and Robotics},
 year = {2017},
 file = {2017{\_}Zygimantas{\_}Paper{\_}Optimizing PTP Motions Via-points:Attachments/2017{\_}Zygimantas{\_}Paper{\_}Optimizing PTP Motions Via-points.pdf:application/pdf}
}


